%YAML 1.1
%TAG !u! tag:unity3d.com,2011:
--- !u!1 &2657504281244530541
GameObject:
  m_ObjectHideFlags: 0
  m_CorrespondingSourceObject: {fileID: 0}
  m_PrefabInstance: {fileID: 0}
  m_PrefabAsset: {fileID: 0}
  serializedVersion: 6
  m_Component:
  - component: {fileID: 2657504281244530543}
  - component: {fileID: 2657504281244530542}
  - component: {fileID: 2657504281244530529}
  - component: {fileID: 2657504281244530530}
  - component: {fileID: 5507609882247816411}
  - component: {fileID: 2657504281244530528}
  - component: {fileID: 3858112086735883972}
  - component: {fileID: 5848821607702213623}
  - component: {fileID: 4884015169223253244}
  m_Layer: 8
  m_Name: Player
  m_TagString: Player
  m_Icon: {fileID: 0}
  m_NavMeshLayer: 0
  m_StaticEditorFlags: 0
  m_IsActive: 1
--- !u!4 &2657504281244530543
Transform:
  m_ObjectHideFlags: 0
  m_CorrespondingSourceObject: {fileID: 0}
  m_PrefabInstance: {fileID: 0}
  m_PrefabAsset: {fileID: 0}
  m_GameObject: {fileID: 2657504281244530541}
  m_LocalRotation: {x: 0, y: 0, z: 0, w: 1}
  m_LocalPosition: {x: 0, y: 0, z: 0}
  m_LocalScale: {x: 1, y: 1, z: 1}
  m_Children:
  - {fileID: 1618212016441899396}
  - {fileID: 4300500350465800221}
  - {fileID: 7567016885306587607}
  m_Father: {fileID: 0}
  m_RootOrder: 0
  m_LocalEulerAnglesHint: {x: 0, y: 0, z: 0}
--- !u!212 &2657504281244530542
SpriteRenderer:
  m_ObjectHideFlags: 0
  m_CorrespondingSourceObject: {fileID: 0}
  m_PrefabInstance: {fileID: 0}
  m_PrefabAsset: {fileID: 0}
  m_GameObject: {fileID: 2657504281244530541}
  m_Enabled: 1
  m_CastShadows: 0
  m_ReceiveShadows: 0
  m_DynamicOccludee: 1
  m_MotionVectors: 1
  m_LightProbeUsage: 1
  m_ReflectionProbeUsage: 1
  m_RenderingLayerMask: 1
  m_RendererPriority: 0
  m_Materials:
  - {fileID: 10754, guid: 0000000000000000f000000000000000, type: 0}
  m_StaticBatchInfo:
    firstSubMesh: 0
    subMeshCount: 0
  m_StaticBatchRoot: {fileID: 0}
  m_ProbeAnchor: {fileID: 0}
  m_LightProbeVolumeOverride: {fileID: 0}
  m_ScaleInLightmap: 1
  m_ReceiveGI: 1
  m_PreserveUVs: 0
  m_IgnoreNormalsForChartDetection: 0
  m_ImportantGI: 0
  m_StitchLightmapSeams: 1
  m_SelectedEditorRenderState: 0
  m_MinimumChartSize: 4
  m_AutoUVMaxDistance: 0.5
  m_AutoUVMaxAngle: 89
  m_LightmapParameters: {fileID: 0}
  m_SortingLayerID: 0
  m_SortingLayer: 0
  m_SortingOrder: 1
  m_Sprite: {fileID: 6484540103039488943, guid: 03eef1bbe9443094a94a4886e7fc1337,
    type: 3}
  m_Color: {r: 1, g: 1, b: 1, a: 1}
  m_FlipX: 0
  m_FlipY: 0
  m_DrawMode: 0
  m_Size: {x: 0.26, y: 0.28}
  m_AdaptiveModeThreshold: 0.5
  m_SpriteTileMode: 0
  m_WasSpriteAssigned: 1
  m_MaskInteraction: 0
  m_SpriteSortPoint: 0
--- !u!50 &2657504281244530529
Rigidbody2D:
  serializedVersion: 4
  m_ObjectHideFlags: 0
  m_CorrespondingSourceObject: {fileID: 0}
  m_PrefabInstance: {fileID: 0}
  m_PrefabAsset: {fileID: 0}
  m_GameObject: {fileID: 2657504281244530541}
  m_BodyType: 0
  m_Simulated: 1
  m_UseFullKinematicContacts: 0
  m_UseAutoMass: 0
  m_Mass: 20
  m_LinearDrag: 1
  m_AngularDrag: 0.05
  m_GravityScale: 0
  m_Material: {fileID: 0}
  m_Interpolate: 0
  m_SleepingMode: 0
  m_CollisionDetection: 0
  m_Constraints: 0
--- !u!61 &2657504281244530530
BoxCollider2D:
  m_ObjectHideFlags: 0
  m_CorrespondingSourceObject: {fileID: 0}
  m_PrefabInstance: {fileID: 0}
  m_PrefabAsset: {fileID: 0}
  m_GameObject: {fileID: 2657504281244530541}
  m_Enabled: 1
  m_Density: 1
  m_Material: {fileID: 0}
  m_IsTrigger: 0
  m_UsedByEffector: 0
  m_UsedByComposite: 0
  m_Offset: {x: -0.000901863, y: -0.00072574615}
  m_SpriteTilingProperty:
    border: {x: 0, y: 0, z: 0, w: 0}
    pivot: {x: 0.5, y: 0.5}
    oldSize: {x: 0.4375, y: 0.40625}
    newSize: {x: 0.26, y: 0.28}
    adaptiveTilingThreshold: 0.5
    drawMode: 0
    adaptiveTiling: 0
  m_AutoTiling: 0
  serializedVersion: 2
  m_Size: {x: 0.44052067, y: 0.40648472}
  m_EdgeRadius: 0
--- !u!95 &5507609882247816411
Animator:
  serializedVersion: 3
  m_ObjectHideFlags: 0
  m_CorrespondingSourceObject: {fileID: 0}
  m_PrefabInstance: {fileID: 0}
  m_PrefabAsset: {fileID: 0}
  m_GameObject: {fileID: 2657504281244530541}
  m_Enabled: 1
  m_Avatar: {fileID: 0}
  m_Controller: {fileID: 9100000, guid: 56873bdd2202a5f428408a41ce260da6, type: 2}
  m_CullingMode: 0
  m_UpdateMode: 0
  m_ApplyRootMotion: 0
  m_LinearVelocityBlending: 0
  m_WarningMessage: 
  m_HasTransformHierarchy: 1
  m_AllowConstantClipSamplingOptimization: 1
  m_KeepAnimatorControllerStateOnDisable: 0
--- !u!114 &2657504281244530528
MonoBehaviour:
  m_ObjectHideFlags: 0
  m_CorrespondingSourceObject: {fileID: 0}
  m_PrefabInstance: {fileID: 0}
  m_PrefabAsset: {fileID: 0}
  m_GameObject: {fileID: 2657504281244530541}
  m_Enabled: 1
  m_EditorHideFlags: 0
  m_Script: {fileID: 11500000, guid: 229afacd324b02f45a8b5c07f95155bc, type: 3}
  m_Name: 
  m_EditorClassIdentifier: 
  Speed: 4
  BulletPrefab: {fileID: 8846171995049130248, guid: 756e4a58803f1b54ab111b343bb45464,
    type: 3}
  LightWeaponTemplate: {fileID: 0}
--- !u!114 &3858112086735883972
MonoBehaviour:
  m_ObjectHideFlags: 0
  m_CorrespondingSourceObject: {fileID: 0}
  m_PrefabInstance: {fileID: 0}
  m_PrefabAsset: {fileID: 0}
  m_GameObject: {fileID: 2657504281244530541}
  m_Enabled: 1
  m_EditorHideFlags: 0
  m_Script: {fileID: 11500000, guid: 8874ffafb43703e4b8205ff946a8d711, type: 3}
  m_Name: 
  m_EditorClassIdentifier: 
  MaxHealth: 100
  TimeInvincible: 0.5
  OnDamage:
    m_PersistentCalls:
      m_Calls: []
  OnDie:
    m_PersistentCalls:
      m_Calls: []
  OnResurect:
    m_PersistentCalls:
      m_Calls: []
  OnHeal:
    m_PersistentCalls:
      m_Calls: []
  HitSound: {fileID: 8300000, guid: 51b359de7dbfa5e44b1f3ba6376c74a1, type: 3}
  DieSound: {fileID: 0}
--- !u!114 &5848821607702213623
MonoBehaviour:
  m_ObjectHideFlags: 0
  m_CorrespondingSourceObject: {fileID: 0}
  m_PrefabInstance: {fileID: 0}
  m_PrefabAsset: {fileID: 0}
  m_GameObject: {fileID: 2657504281244530541}
  m_Enabled: 1
  m_EditorHideFlags: 0
  m_Script: {fileID: 11500000, guid: 5ad30163850a6ef4fade11682f06cb3a, type: 3}
  m_Name: 
  m_EditorClassIdentifier: 
  Weapons:
    Weapons:
    - {fileID: 7567016885306587600}
    SelectedWeapon: 0
    OnWeaponSelectedChanged:
      m_PersistentCalls:
        m_Calls: []
    OnWeaponAdded:
      m_PersistentCalls:
        m_Calls: []
  Mounts:
  - {fileID: 7076899379475779332}
  - {fileID: 6136450340823427275}
--- !u!81 &4884015169223253244
AudioListener:
  m_ObjectHideFlags: 0
  m_CorrespondingSourceObject: {fileID: 0}
  m_PrefabInstance: {fileID: 0}
  m_PrefabAsset: {fileID: 0}
  m_GameObject: {fileID: 2657504281244530541}
  m_Enabled: 1
--- !u!1 &6136450340823427275
GameObject:
  m_ObjectHideFlags: 0
  m_CorrespondingSourceObject: {fileID: 0}
  m_PrefabInstance: {fileID: 0}
  m_PrefabAsset: {fileID: 0}
  serializedVersion: 6
  m_Component:
  - component: {fileID: 4300500350465800221}
  m_Layer: 0
  m_Name: Mount2
  m_TagString: Untagged
  m_Icon: {fileID: 0}
  m_NavMeshLayer: 0
  m_StaticEditorFlags: 0
  m_IsActive: 1
--- !u!4 &4300500350465800221
Transform:
  m_ObjectHideFlags: 0
  m_CorrespondingSourceObject: {fileID: 0}
  m_PrefabInstance: {fileID: 0}
  m_PrefabAsset: {fileID: 0}
  m_GameObject: {fileID: 6136450340823427275}
  m_LocalRotation: {x: -0, y: -0, z: -0, w: 1}
  m_LocalPosition: {x: 0.1716, y: -0.1177, z: 0}
  m_LocalScale: {x: 1, y: 1, z: 1}
  m_Children: []
  m_Father: {fileID: 2657504281244530543}
  m_RootOrder: 1
  m_LocalEulerAnglesHint: {x: 0, y: 0, z: 0}
--- !u!1 &7076899379475779332
GameObject:
  m_ObjectHideFlags: 0
  m_CorrespondingSourceObject: {fileID: 0}
  m_PrefabInstance: {fileID: 0}
  m_PrefabAsset: {fileID: 0}
  serializedVersion: 6
  m_Component:
  - component: {fileID: 1618212016441899396}
  m_Layer: 0
  m_Name: Mount1
  m_TagString: Untagged
  m_Icon: {fileID: 0}
  m_NavMeshLayer: 0
  m_StaticEditorFlags: 0
  m_IsActive: 1
--- !u!4 &1618212016441899396
Transform:
  m_ObjectHideFlags: 0
  m_CorrespondingSourceObject: {fileID: 0}
  m_PrefabInstance: {fileID: 0}
  m_PrefabAsset: {fileID: 0}
  m_GameObject: {fileID: 7076899379475779332}
  m_LocalRotation: {x: -0, y: -0, z: -0, w: 1}
  m_LocalPosition: {x: 0.1716, y: 0.1179, z: 0}
  m_LocalScale: {x: 1, y: 1, z: 1}
  m_Children: []
  m_Father: {fileID: 2657504281244530543}
  m_RootOrder: 0
  m_LocalEulerAnglesHint: {x: 0, y: 0, z: 0}
--- !u!1001 &1158130429622231587
PrefabInstance:
  m_ObjectHideFlags: 0
  serializedVersion: 2
  m_Modification:
    m_TransformParent: {fileID: 2657504281244530543}
    m_Modifications:
    - target: {fileID: 8724018654965980145, guid: 1f22a950279b55d43bbcf180f550ed62,
        type: 3}
      propertyPath: m_Name
      value: Weapon1
      objectReference: {fileID: 0}
    - target: {fileID: 8724018654965980147, guid: 1f22a950279b55d43bbcf180f550ed62,
        type: 3}
      propertyPath: FireRate
      value: 2
      objectReference: {fileID: 0}
    - target: {fileID: 8724018654965980147, guid: 1f22a950279b55d43bbcf180f550ed62,
        type: 3}
      propertyPath: Color.r
      value: 0.19744569
      objectReference: {fileID: 0}
    - target: {fileID: 8724018654965980147, guid: 1f22a950279b55d43bbcf180f550ed62,
        type: 3}
      propertyPath: Color.g
      value: 0.6559656
      objectReference: {fileID: 0}
    - target: {fileID: 8724018654965980147, guid: 1f22a950279b55d43bbcf180f550ed62,
        type: 3}
      propertyPath: Color.b
      value: 0.8207547
      objectReference: {fileID: 0}
    - target: {fileID: 8724018654965980147, guid: 1f22a950279b55d43bbcf180f550ed62,
        type: 3}
      propertyPath: Color.a
      value: 1
      objectReference: {fileID: 0}
    - target: {fileID: 8724018654965980148, guid: 1f22a950279b55d43bbcf180f550ed62,
        type: 3}
      propertyPath: m_LocalPosition.x
      value: 0
      objectReference: {fileID: 0}
    - target: {fileID: 8724018654965980148, guid: 1f22a950279b55d43bbcf180f550ed62,
        type: 3}
      propertyPath: m_LocalPosition.y
      value: 0
      objectReference: {fileID: 0}
    - target: {fileID: 8724018654965980148, guid: 1f22a950279b55d43bbcf180f550ed62,
        type: 3}
      propertyPath: m_LocalPosition.z
      value: 0
      objectReference: {fileID: 0}
    - target: {fileID: 8724018654965980148, guid: 1f22a950279b55d43bbcf180f550ed62,
        type: 3}
      propertyPath: m_LocalRotation.x
      value: -0
      objectReference: {fileID: 0}
    - target: {fileID: 8724018654965980148, guid: 1f22a950279b55d43bbcf180f550ed62,
        type: 3}
      propertyPath: m_LocalRotation.y
      value: -0
      objectReference: {fileID: 0}
    - target: {fileID: 8724018654965980148, guid: 1f22a950279b55d43bbcf180f550ed62,
        type: 3}
      propertyPath: m_LocalRotation.z
      value: -0
      objectReference: {fileID: 0}
    - target: {fileID: 8724018654965980148, guid: 1f22a950279b55d43bbcf180f550ed62,
        type: 3}
      propertyPath: m_LocalRotation.w
      value: 1
      objectReference: {fileID: 0}
    - target: {fileID: 8724018654965980148, guid: 1f22a950279b55d43bbcf180f550ed62,
        type: 3}
      propertyPath: m_RootOrder
      value: 2
      objectReference: {fileID: 0}
    - target: {fileID: 8724018654965980148, guid: 1f22a950279b55d43bbcf180f550ed62,
        type: 3}
      propertyPath: m_LocalEulerAnglesHint.x
      value: 0
      objectReference: {fileID: 0}
    - target: {fileID: 8724018654965980148, guid: 1f22a950279b55d43bbcf180f550ed62,
        type: 3}
      propertyPath: m_LocalEulerAnglesHint.y
      value: 0
      objectReference: {fileID: 0}
    - target: {fileID: 8724018654965980148, guid: 1f22a950279b55d43bbcf180f550ed62,
        type: 3}
      propertyPath: m_LocalEulerAnglesHint.z
      value: 0
      objectReference: {fileID: 0}
    m_RemovedComponents: []
  m_SourcePrefab: {fileID: 100100000, guid: 1f22a950279b55d43bbcf180f550ed62, type: 3}
--- !u!4 &7567016885306587607 stripped
Transform:
  m_CorrespondingSourceObject: {fileID: 8724018654965980148, guid: 1f22a950279b55d43bbcf180f550ed62,
    type: 3}
  m_PrefabInstance: {fileID: 1158130429622231587}
  m_PrefabAsset: {fileID: 0}
--- !u!114 &7567016885306587600 stripped
MonoBehaviour:
  m_CorrespondingSourceObject: {fileID: 8724018654965980147, guid: 1f22a950279b55d43bbcf180f550ed62,
    type: 3}
  m_PrefabInstance: {fileID: 1158130429622231587}
  m_PrefabAsset: {fileID: 0}
  m_GameObject: {fileID: 0}
  m_Enabled: 1
  m_EditorHideFlags: 0
  m_Script: {fileID: 11500000, guid: ff2593d20ace9ab4ba9274f473ad74d2, type: 3}
  m_Name: 
  m_EditorClassIdentifier: 
