%YAML 1.1
%TAG !u! tag:unity3d.com,2011:
--- !u!1 &5056369212739963971
GameObject:
  m_ObjectHideFlags: 0
  m_CorrespondingSourceObject: {fileID: 0}
  m_PrefabInstance: {fileID: 0}
  m_PrefabAsset: {fileID: 0}
  serializedVersion: 6
  m_Component:
  - component: {fileID: 5056369212739964029}
  - component: {fileID: 5056369212739963970}
  m_Layer: 0
  m_Name: Tutorial2
  m_TagString: Untagged
  m_Icon: {fileID: 0}
  m_NavMeshLayer: 0
  m_StaticEditorFlags: 0
  m_IsActive: 1
--- !u!4 &5056369212739964029
Transform:
  m_ObjectHideFlags: 0
  m_CorrespondingSourceObject: {fileID: 0}
  m_PrefabInstance: {fileID: 0}
  m_PrefabAsset: {fileID: 0}
  m_GameObject: {fileID: 5056369212739963971}
  m_LocalRotation: {x: 0, y: 0, z: 0, w: 1}
  m_LocalPosition: {x: 0, y: 0, z: 0}
  m_LocalScale: {x: 1, y: 1, z: 1}
  m_Children:
  - {fileID: 3508351588916905323}
  - {fileID: 8911386964013151247}
  m_Father: {fileID: 0}
  m_RootOrder: 0
  m_LocalEulerAnglesHint: {x: 0, y: 0, z: 0}
--- !u!114 &5056369212739963970
MonoBehaviour:
  m_ObjectHideFlags: 0
  m_CorrespondingSourceObject: {fileID: 0}
  m_PrefabInstance: {fileID: 0}
  m_PrefabAsset: {fileID: 0}
  m_GameObject: {fileID: 5056369212739963971}
  m_Enabled: 1
  m_EditorHideFlags: 0
  m_Script: {fileID: 11500000, guid: 5814ff497f793e7408ed85f70b6afbe2, type: 3}
  m_Name: 
  m_EditorClassIdentifier: 
  NextTutorial: {fileID: 8084052132662412623, guid: 9ba40567e3e46884f9fbdf65865610b3,
    type: 3}
  Player: {fileID: 0}
--- !u!1001 &667951244625604457
PrefabInstance:
  m_ObjectHideFlags: 0
  serializedVersion: 2
  m_Modification:
    m_TransformParent: {fileID: 5056369212739964029}
    m_Modifications:
    - target: {fileID: 3696801492635610848, guid: cc3f030d5efeee344a73c4f972be9977,
        type: 3}
      propertyPath: m_Name
      value: Wall 3
      objectReference: {fileID: 0}
    - target: {fileID: 8281716351156656998, guid: cc3f030d5efeee344a73c4f972be9977,
        type: 3}
      propertyPath: m_LocalPosition.x
      value: 0
      objectReference: {fileID: 0}
    - target: {fileID: 8281716351156656998, guid: cc3f030d5efeee344a73c4f972be9977,
        type: 3}
      propertyPath: m_LocalPosition.y
      value: -1
      objectReference: {fileID: 0}
    - target: {fileID: 8281716351156656998, guid: cc3f030d5efeee344a73c4f972be9977,
        type: 3}
      propertyPath: m_LocalPosition.z
      value: 0
      objectReference: {fileID: 0}
    - target: {fileID: 8281716351156656998, guid: cc3f030d5efeee344a73c4f972be9977,
        type: 3}
      propertyPath: m_LocalRotation.x
      value: 0
      objectReference: {fileID: 0}
    - target: {fileID: 8281716351156656998, guid: cc3f030d5efeee344a73c4f972be9977,
        type: 3}
      propertyPath: m_LocalRotation.y
      value: 0
      objectReference: {fileID: 0}
    - target: {fileID: 8281716351156656998, guid: cc3f030d5efeee344a73c4f972be9977,
        type: 3}
      propertyPath: m_LocalRotation.z
      value: 0
      objectReference: {fileID: 0}
    - target: {fileID: 8281716351156656998, guid: cc3f030d5efeee344a73c4f972be9977,
        type: 3}
      propertyPath: m_LocalRotation.w
      value: 1
      objectReference: {fileID: 0}
    - target: {fileID: 8281716351156656998, guid: cc3f030d5efeee344a73c4f972be9977,
        type: 3}
      propertyPath: m_RootOrder
      value: 1
      objectReference: {fileID: 0}
    - target: {fileID: 8281716351156656998, guid: cc3f030d5efeee344a73c4f972be9977,
        type: 3}
      propertyPath: m_LocalEulerAnglesHint.x
      value: 0
      objectReference: {fileID: 0}
    - target: {fileID: 8281716351156656998, guid: cc3f030d5efeee344a73c4f972be9977,
        type: 3}
      propertyPath: m_LocalEulerAnglesHint.y
      value: 0
      objectReference: {fileID: 0}
    - target: {fileID: 8281716351156656998, guid: cc3f030d5efeee344a73c4f972be9977,
        type: 3}
      propertyPath: m_LocalEulerAnglesHint.z
      value: 0
      objectReference: {fileID: 0}
    m_RemovedComponents: []
  m_SourcePrefab: {fileID: 100100000, guid: cc3f030d5efeee344a73c4f972be9977, type: 3}
--- !u!4 &8911386964013151247 stripped
Transform:
  m_CorrespondingSourceObject: {fileID: 8281716351156656998, guid: cc3f030d5efeee344a73c4f972be9977,
    type: 3}
  m_PrefabInstance: {fileID: 667951244625604457}
  m_PrefabAsset: {fileID: 0}
--- !u!1001 &5056369212679920632
PrefabInstance:
  m_ObjectHideFlags: 0
  serializedVersion: 2
  m_Modification:
    m_TransformParent: {fileID: 5056369212739964029}
    m_Modifications:
    - target: {fileID: 8546704185575066386, guid: 7b0240ebe85f9d44296bad9d492295e6,
        type: 3}
      propertyPath: m_textInfo.characterCount
      value: 87
      objectReference: {fileID: 0}
    - target: {fileID: 8546704185575066386, guid: 7b0240ebe85f9d44296bad9d492295e6,
        type: 3}
      propertyPath: m_textInfo.wordCount
      value: 17
      objectReference: {fileID: 0}
    - target: {fileID: 8546704185575066386, guid: 7b0240ebe85f9d44296bad9d492295e6,
        type: 3}
      propertyPath: m_textInfo.lineCount
      value: 19
      objectReference: {fileID: 0}
    - target: {fileID: 8546704185575066386, guid: 7b0240ebe85f9d44296bad9d492295e6,
        type: 3}
      propertyPath: m_textInfo.pageCount
      value: 1
      objectReference: {fileID: 0}
    - target: {fileID: 8546704185575066386, guid: 7b0240ebe85f9d44296bad9d492295e6,
        type: 3}
      propertyPath: m_text
      value: 'You can change weapon using the mouse wheel and shoot with the left
        click.

        Try it now !'
      objectReference: {fileID: 0}
    - target: {fileID: 8546704185575066386, guid: 7b0240ebe85f9d44296bad9d492295e6,
        type: 3}
      propertyPath: m_textInfo.spaceCount
      value: 17
      objectReference: {fileID: 0}
    - target: {fileID: 8546704185575066386, guid: 7b0240ebe85f9d44296bad9d492295e6,
        type: 3}
      propertyPath: m_textAlignment
      value: 258
      objectReference: {fileID: 0}
    - target: {fileID: 8546704185575066386, guid: 7b0240ebe85f9d44296bad9d492295e6,
        type: 3}
      propertyPath: m_firstOverflowCharacterIndex
      value: 8
      objectReference: {fileID: 0}
    - target: {fileID: 8546704186039498736, guid: 7b0240ebe85f9d44296bad9d492295e6,
        type: 3}
      propertyPath: UpdateSize
      value: 0
      objectReference: {fileID: 0}
    - target: {fileID: 8546704186039498737, guid: 7b0240ebe85f9d44296bad9d492295e6,
        type: 3}
      propertyPath: UpdateSize
      value: 0
      objectReference: {fileID: 0}
    - target: {fileID: 8546704186213129875, guid: 7b0240ebe85f9d44296bad9d492295e6,
        type: 3}
      propertyPath: m_LocalPosition.x
      value: 0
      objectReference: {fileID: 0}
    - target: {fileID: 8546704186213129875, guid: 7b0240ebe85f9d44296bad9d492295e6,
        type: 3}
      propertyPath: m_LocalPosition.y
      value: 0
      objectReference: {fileID: 0}
    - target: {fileID: 8546704186213129875, guid: 7b0240ebe85f9d44296bad9d492295e6,
        type: 3}
      propertyPath: m_LocalPosition.z
      value: 0
      objectReference: {fileID: 0}
    - target: {fileID: 8546704186213129875, guid: 7b0240ebe85f9d44296bad9d492295e6,
        type: 3}
      propertyPath: m_LocalRotation.x
      value: 0
      objectReference: {fileID: 0}
    - target: {fileID: 8546704186213129875, guid: 7b0240ebe85f9d44296bad9d492295e6,
        type: 3}
      propertyPath: m_LocalRotation.y
      value: 0
      objectReference: {fileID: 0}
    - target: {fileID: 8546704186213129875, guid: 7b0240ebe85f9d44296bad9d492295e6,
        type: 3}
      propertyPath: m_LocalRotation.z
      value: 0
      objectReference: {fileID: 0}
    - target: {fileID: 8546704186213129875, guid: 7b0240ebe85f9d44296bad9d492295e6,
        type: 3}
      propertyPath: m_LocalRotation.w
      value: 1
      objectReference: {fileID: 0}
    - target: {fileID: 8546704186213129875, guid: 7b0240ebe85f9d44296bad9d492295e6,
        type: 3}
      propertyPath: m_RootOrder
      value: 0
      objectReference: {fileID: 0}
    - target: {fileID: 8546704186213129875, guid: 7b0240ebe85f9d44296bad9d492295e6,
        type: 3}
      propertyPath: m_LocalEulerAnglesHint.x
      value: 0
      objectReference: {fileID: 0}
    - target: {fileID: 8546704186213129875, guid: 7b0240ebe85f9d44296bad9d492295e6,
        type: 3}
      propertyPath: m_LocalEulerAnglesHint.y
      value: 0
      objectReference: {fileID: 0}
    - target: {fileID: 8546704186213129875, guid: 7b0240ebe85f9d44296bad9d492295e6,
        type: 3}
      propertyPath: m_LocalEulerAnglesHint.z
      value: 0
      objectReference: {fileID: 0}
    - target: {fileID: 8546704186213129875, guid: 7b0240ebe85f9d44296bad9d492295e6,
        type: 3}
      propertyPath: m_AnchoredPosition.x
      value: 0
      objectReference: {fileID: 0}
    - target: {fileID: 8546704186213129875, guid: 7b0240ebe85f9d44296bad9d492295e6,
        type: 3}
      propertyPath: m_AnchoredPosition.y
      value: 1.75
      objectReference: {fileID: 0}
    - target: {fileID: 8546704186213129875, guid: 7b0240ebe85f9d44296bad9d492295e6,
        type: 3}
      propertyPath: m_SizeDelta.x
      value: 700
      objectReference: {fileID: 0}
    - target: {fileID: 8546704186213129875, guid: 7b0240ebe85f9d44296bad9d492295e6,
        type: 3}
      propertyPath: m_SizeDelta.y
      value: 150
      objectReference: {fileID: 0}
    - target: {fileID: 8546704186213129875, guid: 7b0240ebe85f9d44296bad9d492295e6,
        type: 3}
      propertyPath: m_AnchorMin.x
      value: 0
      objectReference: {fileID: 0}
    - target: {fileID: 8546704186213129875, guid: 7b0240ebe85f9d44296bad9d492295e6,
        type: 3}
      propertyPath: m_AnchorMin.y
      value: 0
      objectReference: {fileID: 0}
    - target: {fileID: 8546704186213129875, guid: 7b0240ebe85f9d44296bad9d492295e6,
        type: 3}
      propertyPath: m_AnchorMax.x
      value: 0
      objectReference: {fileID: 0}
    - target: {fileID: 8546704186213129875, guid: 7b0240ebe85f9d44296bad9d492295e6,
        type: 3}
      propertyPath: m_AnchorMax.y
      value: 0
      objectReference: {fileID: 0}
    - target: {fileID: 8546704186213129875, guid: 7b0240ebe85f9d44296bad9d492295e6,
        type: 3}
      propertyPath: m_Pivot.x
      value: 0.5
      objectReference: {fileID: 0}
    - target: {fileID: 8546704186213129875, guid: 7b0240ebe85f9d44296bad9d492295e6,
        type: 3}
      propertyPath: m_Pivot.y
      value: 0.5
      objectReference: {fileID: 0}
    - target: {fileID: 8546704186213129879, guid: 7b0240ebe85f9d44296bad9d492295e6,
        type: 3}
      propertyPath: m_Name
      value: DialogBox
      objectReference: {fileID: 0}
    m_RemovedComponents: []
  m_SourcePrefab: {fileID: 100100000, guid: 7b0240ebe85f9d44296bad9d492295e6, type: 3}
--- !u!224 &3508351588916905323 stripped
RectTransform:
  m_CorrespondingSourceObject: {fileID: 8546704186213129875, guid: 7b0240ebe85f9d44296bad9d492295e6,
    type: 3}
  m_PrefabInstance: {fileID: 5056369212679920632}
  m_PrefabAsset: {fileID: 0}
